%%%%%%%%%%%%%%%%%%%%%%%%%%%%%%%%%%%% GAN %%%%%%%%%%%%%%%%%%%%%%%%%%%%%%%%%%%%
%%%%%%%%%%%%%%%%%%%%%%%%%% Classic %%%%%%%%%%%%%%%%%%%%%%%%%%
@article{goodfellow2014generative,
  title={Generative adversarial nets},
  author={Goodfellow, Ian and Pouget-Abadie, Jean and Mirza, Mehdi and Xu, Bing and Warde-Farley, David and Ozair, Sherjil and Courville, Aaron and Bengio, Yoshua},
  journal={Advances in neural information processing systems},
  volume={27},
  year={2014}
}


%%%%%%%%%%%%%%%%%%%%%%%%%% SOTA %%%%%%%%%%%%%%%%%%%%%%%%%%
@article{karras2021alias,
  title={Alias-free generative adversarial networks},
  author={Karras, Tero and Aittala, Miika and Laine, Samuli and H{\"a}rk{\"o}nen, Erik and Hellsten, Janne and Lehtinen, Jaakko and Aila, Timo},
  journal={Advances in Neural Information Processing Systems},
  volume={34},
  year={2021}
}


%%%%%%%%%%%%%%%%%%%%%%%%%% Problems %%%%%%%%%%%%%%%%%%%%%%%%%%
@article{arjovsky2017wasserstein,
  title={Wasserstein gan. arXiv 2017},
  author={Arjovsky, Martin and Chintala, Soumith and Bottou, L{\'e}on},
  journal={arXiv preprint arXiv:1701.07875},
  volume={30},
  pages={4},
  year={2017}
}
@article{gulrajani2017improved,
  title={Improved training of wasserstein gans},
  author={Gulrajani, Ishaan and Ahmed, Faruk and Arjovsky, Martin and Dumoulin, Vincent and Courville, Aaron C},
  journal={Advances in neural information processing systems},
  volume={30},
  year={2017}
}
@inproceedings{karras2019style,
  title={A style-based generator architecture for generative adversarial networks},
  author={Karras, Tero and Laine, Samuli and Aila, Timo},
  booktitle={Proceedings of the IEEE/CVF conference on computer vision and pattern recognition},
  pages={4401--4410},
  year={2019}
}
@article{brock2018large,
  title={Large scale GAN training for high fidelity natural image synthesis},
  author={Brock, Andrew and Donahue, Jeff and Simonyan, Karen},
  journal={arXiv preprint arXiv:1809.11096},
  year={2018}
}
@article{zhao2018bias,
  title={Bias and generalization in deep generative models: An empirical study},
  author={Zhao, Shengjia and Ren, Hongyu and Yuan, Arianna and Song, Jiaming and Goodman, Noah and Ermon, Stefano},
  journal={Advances in Neural Information Processing Systems},
  volume={31},
  year={2018}
}
@inproceedings{thanh2020catastrophic,
  title={Catastrophic forgetting and mode collapse in GANs},
  author={Thanh-Tung, Hoang and Tran, Truyen},
  booktitle={2020 International Joint Conference on Neural Networks (IJCNN)},
  pages={1--10},
  year={2020},
  organization={IEEE}
}


%%%%%%%%%%%%%%%%%%%%%%%%%%%%%%%%%%%% AR %%%%%%%%%%%%%%%%%%%%%%%%%%%%%%%%%%%%
%%%%%%%%%%%%%%%%%%%%%%%%%% SOTA %%%%%%%%%%%%%%%%%%%%%%%%%%
@inproceedings{ramesh2021zero,
  title={Zero-shot text-to-image generation},
  author={Ramesh, Aditya and Pavlov, Mikhail and Goh, Gabriel and Gray, Scott and Voss, Chelsea and Radford, Alec and Chen, Mark and Sutskever, Ilya},
  booktitle={International Conference on Machine Learning},
  pages={8821--8831},
  year={2021},
  organization={PMLR}
}

%%%%%%%%%%%%%%%%%%%%%%%%%% Problems %%%%%%%%%%%%%%%%%%%%%%%%%%
@inproceedings{zhang2021understanding,
  title={Understanding failures in out-of-distribution detection with deep generative models},
  author={Zhang, Lily and Goldstein, Mark and Ranganath, Rajesh},
  booktitle={International Conference on Machine Learning},
  pages={12427--12436},
  year={2021},
  organization={PMLR}
}


%%%%%%%%%%%%%%%%%%%%%%%%%%%%%%%%%%%% VAE %%%%%%%%%%%%%%%%%%%%%%%%%%%%%%%%%%%%
%%%%%%%%%%%%%%%%%%%%%%%%%% Classic %%%%%%%%%%%%%%%%%%%%%%%%%%
@article{kingma2013auto,
  title={Auto-encoding variational bayes},
  author={Kingma, Diederik P and Welling, Max},
  journal={arXiv preprint arXiv:1312.6114},
  year={2013}
}
@inproceedings{rezende2014stochastic,
  title={Stochastic backpropagation and approximate inference in deep generative models},
  author={Rezende, Danilo Jimenez and Mohamed, Shakir and Wierstra, Daan},
  booktitle={International conference on machine learning},
  pages={1278--1286},
  year={2014},
  organization={PMLR}
}


%%%%%%%%%%%%%%%%%%%%%%%%%%%%%%%%%%%% Flow %%%%%%%%%%%%%%%%%%%%%%%%%%%%%%%%%%%%
@article{grathwohl2018ffjord,
  title={Ffjord: Free-form continuous dynamics for scalable reversible generative models},
  author={Grathwohl, Will and Chen, Ricky TQ and Bettencourt, Jesse and Sutskever, Ilya and Duvenaud, David},
  journal={arXiv preprint arXiv:1810.01367},
  year={2018}
}
@article{chen2019residual,
  title={Residual flows for invertible generative modeling},
  author={Chen, Ricky TQ and Behrmann, Jens and Duvenaud, David K and Jacobsen, J{\"o}rn-Henrik},
  journal={Advances in Neural Information Processing Systems},
  volume={32},
  year={2019}
}


%%%%%%%%%%%%%%%%%%%%%%%%%%%%%%%%%%%% EBM %%%%%%%%%%%%%%%%%%%%%%%%%%%%%%%%%%%%
@article{xiao2020vaebm,
  title={Vaebm: A symbiosis between variational autoencoders and energy-based models},
  author={Xiao, Zhisheng and Kreis, Karsten and Kautz, Jan and Vahdat, Arash},
  journal={arXiv preprint arXiv:2010.00654},
  year={2020}
}


%%%%%%%%%%%%%%%%%%%%%%%%%%%%%%%%%%%% Diffusion %%%%%%%%%%%%%%%%%%%%%%%%%%%%%%%%%%%%
%%%%%%%%%%%%%%%%%%%%%%%%%% Classic %%%%%%%%%%%%%%%%%%%%%%%%%%
@inproceedings{sohl2015deep,
  title={Deep unsupervised learning using nonequilibrium thermodynamics},
  author={Sohl-Dickstein, Jascha and Weiss, Eric and Maheswaranathan, Niru and Ganguli, Surya},
  booktitle={International Conference on Machine Learning},
  pages={2256--2265},
  year={2015},
  organization={PMLR}
}


%%%%%%%%%%%%%%%%%%%%%%%%%% DDPM %%%%%%%%%%%%%%%%%%%%%%%%%%
@article{ho2020denoising,
  title={Denoising diffusion probabilistic models},
  author={Ho, Jonathan and Jain, Ajay and Abbeel, Pieter},
  journal={arXiv preprint arXiv:2006.11239},
  year={2020}
}


%%%%%%%%%%%%%%%%%%%%%%%%%% Song + Ermon %%%%%%%%%%%%%%%%%%%%%%%%%%
@article{song2019generative,
  title={Generative modeling by estimating gradients of the data distribution},
  author={Song, Yang and Ermon, Stefano},
  journal={arXiv preprint arXiv:1907.05600},
  year={2019}
}
@article{song2020improved,
  title={Improved techniques for training score-based generative models},
  author={Song, Yang and Ermon, Stefano},
  journal={arXiv preprint arXiv:2006.09011},
  year={2020}
}
@article{song2020denoising,
  title={Denoising diffusion implicit models},
  author={Song, Jiaming and Meng, Chenlin and Ermon, Stefano},
  journal={arXiv preprint arXiv:2010.02502},
  year={2020}
}
@article{song2020score,
  title={Score-based generative modeling through stochastic differential equations},
  author={Song, Yang and Sohl-Dickstein, Jascha and Kingma, Diederik P and Kumar, Abhishek and Ermon, Stefano and Poole, Ben},
  journal={arXiv preprint arXiv:2011.13456},
  year={2020}
}

@article{kawar2022denoising,
  title={Denoising diffusion restoration models},
  author={Kawar, Bahjat and Elad, Michael and Ermon, Stefano and Song, Jiaming},
  journal={arXiv preprint arXiv:2201.11793},
  year={2022}
}


%%%%%%%%%%%%%%%%%%%%%%%%%% OpenAI %%%%%%%%%%%%%%%%%%%%%%%%%%
@article{nichol2021improved,
  title={Improved denoising diffusion probabilistic models},
  author={Nichol, Alex and Dhariwal, Prafulla},
  journal={arXiv preprint arXiv:2102.09672},
  year={2021}
}
@article{dhariwal2021diffusion,
  title={Diffusion models beat gans on image synthesis},
  author={Dhariwal, Prafulla and Nichol, Alex},
  journal={arXiv preprint arXiv:2105.05233},
  year={2021}
}


%%%%%%%%%%%%%%%%%%%%%%%%%% Variational diffusion models %%%%%%%%%%%%%%%%%%%%%%%%%%
@article{kingma2021variational,
  title={Variational diffusion models},
  author={Kingma, Diederik P and Salimans, Tim and Poole, Ben and Ho, Jonathan},
  journal={arXiv preprint arXiv:2107.00630},
  volume={2},
  year={2021}
}


%%%%%%%%%%%%%%%%%%%%%%%%%% Speed up %%%%%%%%%%%%%%%%%%%%%%%%%%
@article{tachibana2021taylor,
  title={It$\backslash$\^{}$\{$o$\}$-Taylor Sampling Scheme for Denoising Diffusion Probabilistic Models using Ideal Derivatives},
  author={Tachibana, Hideyuki and Go, Mocho and Inahara, Muneyoshi and Katayama, Yotaro and Watanabe, Yotaro},
  journal={arXiv preprint arXiv:2112.13339},
  year={2021}
}
@article{liu2022pseudo,
  title={Pseudo numerical methods for diffusion models on manifolds},
  author={Liu, Luping and Ren, Yi and Lin, Zhijie and Zhao, Zhou},
  journal={arXiv preprint arXiv:2202.09778},
  year={2022}
}
@article{xiao2021tackling,
  title={Tackling the Generative Learning Trilemma with Denoising Diffusion GANs},
  author={Xiao, Zhisheng and Kreis, Karsten and Vahdat, Arash},
  journal={arXiv preprint arXiv:2112.07804},
  year={2021}
}
@article{salimans2022progressive,
  title={Progressive distillation for fast sampling of diffusion models},
  author={Salimans, Tim and Ho, Jonathan},
  journal={arXiv preprint arXiv:2202.00512},
  year={2022}
}
@article{vahdat2021score,
  title={Score-based generative modeling in latent space},
  author={Vahdat, Arash and Kreis, Karsten and Kautz, Jan},
  journal={Advances in Neural Information Processing Systems},
  volume={34},
  year={2021}
}
@article{zhang2021diffusion,
  title={Diffusion Normalizing Flow},
  author={Zhang, Qinsheng and Chen, Yongxin},
  journal={arXiv preprint arXiv:2110.07579},
  year={2021}
}


%%%%%%%%%%%%%%%%%% SR3 %%%%%%%%%%%%%%%%%%
@article{saharia2021image,
  title={Image super-resolution via iterative refinement},
  author={Saharia, Chitwan and Ho, Jonathan and Chan, William and Salimans, Tim and Fleet, David J and Norouzi, Mohammad},
  journal={arXiv preprint arXiv:2104.07636},
  year={2021}
}


%%%%%%%%%%%%%%%%%% Sound + shape %%%%%%%%%%%%%%%%%%
@inproceedings{popov2021grad,
  title={Grad-tts: A diffusion probabilistic model for text-to-speech},
  author={Popov, Vadim and Vovk, Ivan and Gogoryan, Vladimir and Sadekova, Tasnima and Kudinov, Mikhail},
  booktitle={International Conference on Machine Learning},
  pages={8599--8608},
  year={2021},
  organization={PMLR}
}
@article{liu2022diffgan,
  title={DiffGAN-TTS: High-Fidelity and Efficient Text-to-Speech with Denoising Diffusion GANs},
  author={Liu, Songxiang and Su, Dan and Yu, Dong},
  journal={arXiv preprint arXiv:2201.11972},
  year={2022}
}
@inproceedings{luo2021diffusion,
  title={Diffusion probabilistic models for 3d point cloud generation},
  author={Luo, Shitong and Hu, Wei},
  booktitle={Proceedings of the IEEE/CVF Conference on Computer Vision and Pattern Recognition},
  pages={2837--2845},
  year={2021}
}
@inproceedings{zhou20213d,
  title={3d shape generation and completion through point-voxel diffusion},
  author={Zhou, Linqi and Du, Yilun and Wu, Jiajun},
  booktitle={Proceedings of the IEEE/CVF International Conference on Computer Vision},
  pages={5826--5835},
  year={2021}
}


%%%%%%%%%%%%%%%%%%%%%%%%%% Text's diffusion %%%%%%%%%%%%%%%%%%%%%%%%%%

@article{austin2021structured,
  title={Structured denoising diffusion models in discrete state-spaces},
  author={Austin, Jacob and Johnson, Daniel D and Ho, Jonathan and Tarlow, Daniel and van den Berg, Rianne},
  journal={Advances in Neural Information Processing Systems},
  volume={34},
  pages={17981--17993},
  year={2021}
}



%%%%%%%%%%%%%%%%%%%%%%%%%% NLP %%%%%%%%%%%%%%%%%%%%%%%%%%

@article{devlin2018bert,
  title={Bert: Pre-training of deep bidirectional transformers for language understanding},
  author={Devlin, Jacob and Chang, Ming-Wei and Lee, Kenton and Toutanova, Kristina},
  journal={arXiv preprint arXiv:1810.04805},
  year={2018}
}

@article{dodge2021documenting,
  title={Documenting large webtext corpora: A case study on the colossal clean crawled corpus},
  author={Dodge, Jesse and Sap, Maarten and Marasovi{\'c}, Ana and Agnew, William and Ilharco, Gabriel and Groeneveld, Dirk and Mitchell, Margaret and Gardner, Matt},
  journal={arXiv preprint arXiv:2104.08758},
  year={2021}
}


@article{bloom2022hug,
  title={Bigscience large open-science openaccess multilingual language model},
  author={BigScience},
  journal={https://huggingface.co/bigscience/bloom},
  year={2022}
}

@article{brown2020language,
  title={Language models are few-shot learners},
  author={Brown, Tom and Mann, Benjamin and Ryder, Nick and Subbiah, Melanie and Kaplan, Jared D and Dhariwal, Prafulla and Neelakantan, Arvind and Shyam, Pranav and Sastry, Girish and Askell, Amanda and others},
  journal={Advances in neural information processing systems},
  volume={33},
  pages={1877--1901},
  year={2020}
}

@article{radford2019language,
  title={Language Models are Unsupervised Multitask Learners},
  author={Radford, Alec and Wu, Jeff and Child, Rewon and Luan, David and Amodei, Dario and Sutskever, Ilya},
  year={2019}
}

@inproceedings{paradetox,
author = {Logacheva, Varvara and Dementieva, Daryna and Ustyantsev, Sergey and Moskovskiy, Daniil and Dale, David and Krotova, Irina and Semenov, Nikita and Panchenko, Alexander},
year = {2022},
month = {01},
pages = {6804-6818},
title = {ParaDetox: Detoxification with Parallel Data},
doi = {10.18653/v1/2022.acl-long.469}
}

@article{raffel2020exploring,
  title={Exploring the limits of transfer learning with a unified text-to-text transformer},
  author={Raffel, Colin and Shazeer, Noam and Roberts, Adam and Lee, Katherine and Narang, Sharan and Matena, Michael and Zhou, Yanqi and Li, Wei and Liu, Peter J},
  journal={The Journal of Machine Learning Research},
  volume={21},
  number={1},
  pages={5485--5551},
  year={2020},
  publisher={JMLRORG}
}

@article{chen2022analog,
  title={Analog bits: Generating discrete data using diffusion models with self-conditioning},
  author={Chen, Ting and Zhang, Ruixiang and Hinton, Geoffrey},
  journal={arXiv preprint arXiv:2208.04202},
  year={2022}
}

@inproceedings{bao2023all,
  title={All are worth words: A vit backbone for diffusion models},
  author={Bao, Fan and Nie, Shen and Xue, Kaiwen and Cao, Yue and Li, Chongxuan and Su, Hang and Zhu, Jun},
  booktitle={Proceedings of the IEEE/CVF Conference on Computer Vision and Pattern Recognition},
  pages={22669--22679},
  year={2023}
}

@misc{theoretical_repetitions,
      title={A Theoretical Analysis of the Repetition Problem in Text Generation}, 
      author={Zihao Fu and Wai Lam and Anthony Man-Cho So and Bei Shi},
      year={2021},
      eprint={2012.14660},
      archivePrefix={arXiv},
      primaryClass={cs.CL}
}

@article{loshchilov2017decoupled,
  title={Decoupled weight decay regularization},
  author={Loshchilov, Ilya and Hutter, Frank},
  journal={arXiv preprint arXiv:1711.05101},
  year={2017}
}

@article{d3pm,
  author       = {Jacob Austin and
                  Daniel D. Johnson and
                  Jonathan Ho and
                  Daniel Tarlow and
                  Rianne van den Berg},
  title        = {Structured Denoising Diffusion Models in Discrete State-Spaces},
  journal      = {CoRR},
  volume       = {abs/2107.03006},
  year         = {2021},
  url          = {https://arxiv.org/abs/2107.03006},
  eprinttype    = {arXiv},
  eprint       = {2107.03006},
  timestamp    = {Mon, 25 Oct 2021 07:55:50 +0200},
  biburl       = {https://dblp.org/rec/journals/corr/abs-2107-03006.bib},
  bibsource    = {dblp computer science bibliography, https://dblp.org}
}

@misc{mtd,
      title={Argmax Flows and Multinomial Diffusion: Learning Categorical Distributions}, 
      author={Emiel Hoogeboom and Didrik Nielsen and Priyank Jaini and Patrick Forré and Max Welling},
      year={2021},
      eprint={2102.05379},
      archivePrefix={arXiv},
      primaryClass={stat.ML},
      url={https://arxiv.org/abs/2102.05379}, 
}

@misc{sedd,
      title={Discrete Diffusion Modeling by Estimating the Ratios of the Data Distribution}, 
      author={Aaron Lou and Chenlin Meng and Stefano Ermon},
      year={2024},
      eprint={2310.16834},
      archivePrefix={arXiv},
      primaryClass={stat.ML},
      url={https://arxiv.org/abs/2310.16834}, 
}

@misc{diffusionbert,
      title={DiffusionBERT: Improving Generative Masked Language Models with Diffusion Models}, 
      author={Zhengfu He and Tianxiang Sun and Kuanning Wang and Xuanjing Huang and Xipeng Qiu},
      year={2022},
      eprint={2211.15029},
      archivePrefix={arXiv},
      primaryClass={cs.CL},
      url={https://arxiv.org/abs/2211.15029}, 
}

@misc{diffusionnat,
      title={Diffusion-NAT: Self-Prompting Discrete Diffusion for Non-Autoregressive Text Generation}, 
      author={Kun Zhou and Yifan Li and Wayne Xin Zhao and Ji-Rong Wen},
      year={2023},
      eprint={2305.04044},
      archivePrefix={arXiv},
      primaryClass={cs.CL},
      url={https://arxiv.org/abs/2305.04044}, 
}

@misc{mdlm,
      title={Simple and Effective Masked Diffusion Language Models}, 
      author={Subham Sekhar Sahoo and Marianne Arriola and Yair Schiff and Aaron Gokaslan and Edgar Marroquin and Justin T Chiu and Alexander Rush and Volodymyr Kuleshov},
      year={2024},
      eprint={2406.07524},
      archivePrefix={arXiv},
      primaryClass={cs.CL},
      url={https://arxiv.org/abs/2406.07524}, 
}

@misc{concretescorematching,
      title={Concrete Score Matching: Generalized Score Matching for Discrete Data}, 
      author={Chenlin Meng and Kristy Choi and Jiaming Song and Stefano Ermon},
      year={2023},
      eprint={2211.00802},
      archivePrefix={arXiv},
      primaryClass={cs.LG},
      url={https://arxiv.org/abs/2211.00802}, 
}


%%%%%%%%%%%%%%%%%%%%%%%%%% AR-Diffusion Links %%%%%%%%%%%%%%%%%%%%%%%%%%

@misc{wu2023ardiffusionautoregressivediffusionmodel,
      title={AR-Diffusion: Auto-Regressive Diffusion Model for Text Generation}, 
      author={Tong Wu and Zhihao Fan and Xiao Liu and Yeyun Gong and Yelong Shen and Jian Jiao and Hai-Tao Zheng and Juntao Li and Zhongyu Wei and Jian Guo and Nan Duan and Weizhu Chen},
      year={2023},
      eprint={2305.09515},
      archivePrefix={arXiv},
      primaryClass={cs.CL},
      url={https://arxiv.org/abs/2305.09515}, 
}

@article{li2022diffusion,
  title={Diffusion-LM improves controllable text generation},
  author={Li, Xiang Lisa and Thickstun, John and Gulrajani, Ishaan and Liang, Percy and Hashimoto, Tatsunori},
  journal={arXiv preprint arXiv:2305.09515},
  year={2022},
}

@inproceedings{yuan2022seqdiffseq,
  title={SeqDiffSeq: Text diffusion with encoder-decoder transformers},
  author={Yuan, Hongyi and Yuan, Zhengyuan and Tan, Chuanqi and Huang, Fei and Huang, Songfang},
  booktitle={Proceedings of the 2022 Conference on Empirical Methods in Natural Language Processing (EMNLP)},
  year={2022},
}

@inproceedings{lin2023genie,
  title={Text Generation with Diffusion Language Models: A Pre-training Approach with Continuous Paragraph Denoise},
  author={Lin, Zhenghao and Gong, Yeyun and Shen, Yelong and Wu, Tong and Fan, Zhihao and Lin, Chen and Duan, Nan and Chen, Weizhu},
  booktitle={Proceedings of the 2023 Conference on Empirical Methods in Natural Language Processing (EMNLP)},
  year={2023},
}



@misc{han2023ssdlmsemiautoregressivesimplexbaseddiffusion,
      title={SSD-LM: Semi-autoregressive Simplex-based Diffusion Language Model for Text Generation and Modular Control}, 
      author={Xiaochuang Han and Sachin Kumar and Yulia Tsvetkov},
      year={2023},
      eprint={2210.17432},
      archivePrefix={arXiv},
      primaryClass={cs.CL},
      url={https://arxiv.org/abs/2210.17432}, 
}

@misc{mahabadi2024tesstexttotextselfconditionedsimplex,
      title={TESS: Text-to-Text Self-Conditioned Simplex Diffusion}, 
      author={Rabeeh Karimi Mahabadi and Hamish Ivison and Jaesung Tae and James Henderson and Iz Beltagy and Matthew E. Peters and Arman Cohan},
      year={2024},
      eprint={2305.08379},
      archivePrefix={arXiv},
      primaryClass={cs.CL},
      url={https://arxiv.org/abs/2305.08379}, 
}


%%%%%%%%%%%%%%%%%%% Scaling %%%%%%%%%%%%%%%%%%%%%%%%

@misc{devlin2019bertpretrainingdeepbidirectional,
      title={BERT: Pre-training of Deep Bidirectional Transformers for Language Understanding}, 
      author={Jacob Devlin and Ming-Wei Chang and Kenton Lee and Kristina Toutanova},
      year={2019},
      eprint={1810.04805},
      archivePrefix={arXiv},
      primaryClass={cs.CL},
      url={https://arxiv.org/abs/1810.04805}, 
}

@misc{liu2019robertarobustlyoptimizedbert,
      title={RoBERTa: A Robustly Optimized BERT Pretraining Approach}, 
      author={Yinhan Liu and Myle Ott and Naman Goyal and Jingfei Du and Mandar Joshi and Danqi Chen and Omer Levy and Mike Lewis and Luke Zettlemoyer and Veselin Stoyanov},
      year={2019},
      eprint={1907.11692},
      archivePrefix={arXiv},
      primaryClass={cs.CL},
      url={https://arxiv.org/abs/1907.11692}, 
}

@misc{kashyap2023gptneocommonsensereasoning,
      title={GPT-Neo for commonsense reasoning -- a theoretical and practical lens}, 
      author={Rohan Kashyap and Vivek Kashyap and Narendra C. P.},
      year={2023},
      eprint={2211.15593},
      archivePrefix={arXiv},
      primaryClass={cs.CL},
      url={https://arxiv.org/abs/2211.15593}, 
}

@misc{simplifiedmaskeddiffusion,
      title={Simplified and Generalized Masked Diffusion for Discrete Data}, 
      author={Jiaxin Shi and Kehang Han and Zhe Wang and Arnaud Doucet and Michalis K. Titsias},
      year={2024},
      eprint={2406.04329},
      archivePrefix={arXiv},
      primaryClass={cs.LG},
      url={https://arxiv.org/abs/2406.04329}, 
}

@misc{diffusionlm,
      title={Diffusion-LM Improves Controllable Text Generation}, 
      author={Xiang Lisa Li and John Thickstun and Ishaan Gulrajani and Percy Liang and Tatsunori B. Hashimoto},
      year={2022},
      eprint={2205.14217},
      archivePrefix={arXiv},
      primaryClass={cs.CL},
      url={https://arxiv.org/abs/2205.14217}, 
}

@misc{diffuseq,
      title={DiffuSeq: Sequence to Sequence Text Generation with Diffusion Models}, 
      author={Shansan Gong and Mukai Li and Jiangtao Feng and Zhiyong Wu and Lingpeng Kong},
      year={2023},
      eprint={2210.08933},
      archivePrefix={arXiv},
      primaryClass={cs.CL},
      url={https://arxiv.org/abs/2210.08933}, 
}

@inproceedings{difformer,
    title = "Empowering Diffusion Models on the Embedding Space for Text Generation",
    author = "Gao, Zhujin  and
      Guo, Junliang  and
      Tan, Xu  and
      Zhu, Yongxin  and
      Zhang, Fang  and
      Bian, Jiang  and
      Xu, Linli",
    editor = "Duh, Kevin  and
      Gomez, Helena  and
      Bethard, Steven",
    booktitle = "Proceedings of the 2024 Conference of the North American Chapter of the Association for Computational Linguistics: Human Language Technologies (Volume 1: Long Papers)",
    month = jun,
    year = "2024",
    address = "Mexico City, Mexico",
    publisher = "Association for Computational Linguistics",
    url = "https://aclanthology.org/2024.naacl-long.261",
    doi = "10.18653/v1/2024.naacl-long.261",
    pages = "4664--4683",
}

@misc{planner,
      title={PLANNER: Generating Diversified Paragraph via Latent Language Diffusion Model}, 
      author={Yizhe Zhang and Jiatao Gu and Zhuofeng Wu and Shuangfei Zhai and Josh Susskind and Navdeep Jaitly},
      year={2024},
      eprint={2306.02531},
      archivePrefix={arXiv},
      primaryClass={cs.CL},
      url={https://arxiv.org/abs/2306.02531}, 
}

@misc{dinoiser,
      title={DINOISER: Diffused Conditional Sequence Learning by Manipulating Noises}, 
      author={Jiasheng Ye and Zaixiang Zheng and Yu Bao and Lihua Qian and Mingxuan Wang},
      year={2024},
      eprint={2302.10025},
      archivePrefix={arXiv},
      primaryClass={cs.CL},
      url={https://arxiv.org/abs/2302.10025}, 
}

@misc{analogbits,
      title={Analog Bits: Generating Discrete Data using Diffusion Models with Self-Conditioning}, 
      author={Ting Chen and Ruixiang Zhang and Geoffrey Hinton},
      year={2023},
      eprint={2208.04202},
      archivePrefix={arXiv},
      primaryClass={cs.CV},
      url={https://arxiv.org/abs/2208.04202}, 
}

@misc{sed,
      title={Self-conditioned Embedding Diffusion for Text Generation}, 
      author={Robin Strudel and Corentin Tallec and Florent Altché and Yilun Du and Yaroslav Ganin and Arthur Mensch and Will Grathwohl and Nikolay Savinov and Sander Dieleman and Laurent Sifre and Rémi Leblond},
      year={2022},
      eprint={2211.04236},
      archivePrefix={arXiv},
      primaryClass={cs.CL},
      url={https://arxiv.org/abs/2211.04236}, 
}

@inproceedings{ld4lg,
 author = {Lovelace, Justin and Kishore, Varsha and Wan, Chao and Shekhtman, Eliot and Weinberger, Kilian Q},
 booktitle = {Advances in Neural Information Processing Systems},
 editor = {A. Oh and T. Naumann and A. Globerson and K. Saenko and M. Hardt and S. Levine},
 pages = {56998--57025},
 publisher = {Curran Associates, Inc.},
 title = {Latent Diffusion for Language Generation},
 url = {https://proceedings.neurips.cc/paper_files/paper/2023/file/b2a2bd5d5051ff6af52e1ef60aefd255-Paper-Conference.pdf},
 volume = {36},
 year = {2023}
}

@misc{flamingo,
      title={Flamingo: a Visual Language Model for Few-Shot Learning}, 
      author={Jean-Baptiste Alayrac and Jeff Donahue and Pauline Luc and Antoine Miech and Iain Barr and Yana Hasson and Karel Lenc and Arthur Mensch and Katie Millican and Malcolm Reynolds and Roman Ring and Eliza Rutherford and Serkan Cabi and Tengda Han and Zhitao Gong and Sina Samangooei and Marianne Monteiro and Jacob Menick and Sebastian Borgeaud and Andrew Brock and Aida Nematzadeh and Sahand Sharifzadeh and Mikolaj Binkowski and Ricardo Barreira and Oriol Vinyals and Andrew Zisserman and Karen Simonyan},
      year={2022},
      eprint={2204.14198},
      archivePrefix={arXiv},
      primaryClass={cs.CV},
      url={https://arxiv.org/abs/2204.14198}, 
}

@misc{touvron2023llamaopenefficientfoundation,
      title={LLaMA: Open and Efficient Foundation Language Models}, 
      author={Hugo Touvron and Thibaut Lavril and Gautier Izacard and Xavier Martinet and Marie-Anne Lachaux and Timothée Lacroix and Baptiste Rozière and Naman Goyal and Eric Hambro and Faisal Azhar and Aurelien Rodriguez and Armand Joulin and Edouard Grave and Guillaume Lample},
      year={2023},
      eprint={2302.13971},
      archivePrefix={arXiv},
      primaryClass={cs.CL},
      url={https://arxiv.org/abs/2302.13971}, 
}

@misc{lovelace2023latentdiffusionlanguagegeneration,
      title={Latent Diffusion for Language Generation}, 
      author={Justin Lovelace and Varsha Kishore and Chao Wan and Eliot Shekhtman and Kilian Q. Weinberger},
      year={2023},
      eprint={2212.09462},
      archivePrefix={arXiv},
      primaryClass={cs.CL},
      url={https://arxiv.org/abs/2212.09462}, 
}


@misc{shabalin2024tencdmunderstandingpropertiesdiffusion,
      title={TEncDM: Understanding the Properties of the Diffusion Model in the Space of Language Model Encodings}, 
      author={Alexander Shabalin and Viacheslav Meshchaninov and Egor Chimbulatov and Vladislav Lapikov and Roman Kim and Grigory Bartosh and Dmitry Molchanov and Sergey Markov and Dmitry Vetrov},
      year={2024},
      eprint={2402.19097},
      archivePrefix={arXiv},
      primaryClass={cs.CL},
      url={https://arxiv.org/abs/2402.19097}, 
}
